@online{god0000his,
author = {God},
title = {His Holy Word},
year = {0000},
url = {lalala.com}
}
